%% BEAT AND DOWNBEAT TRACKING DATASETS 
% cuidado
@conference{gouyon03aes,
  Author = {F. Gouyon and P. Herrera},
  Booktitle = {Audio Engineering Society Convention 114},
  Title = {Determination of the Meter of Musical Audio Signals: Seeking Recurrences in Beat Segment Descriptors},
  Note = {Pre-print 5811},
  Year = {2003}
}

%hainsworth
@article{hainsworth04jasp,
  Author = {S. Hainsworth and M. Macleod},
  Journal = {EURASIP Journal on Applied Signal Processing},
  Pages = {2385--2395},
  Title = {Particle filtering applied to musical tempo tracking},
  Volume = {15},
  Year = {2004}
}

% simac
@phdthesis{gouyon05phd,
  author = {F. Gouyon}, 
  title = {A computational approach to rhythm description --- Audio features for the computation of rhythm periodicity functions and their use in tempo induction and music content processing},
  school = {Universitat Pompeu Fabra},
  year = {2005}
}

% klapuri
@article{klapuri06tsap,
  title = {Analysis of the meter of acoustic musical signals},
  author = {A. Klapuri and A. Eronen and J. Astola},
  journal = {IEEE Transactions Speech and Audio Processing},
  volume = {14},
  number = {1},
  pages = {342--355},
  year = {2006}
}

% rwc
@inproceedings{goto06ismir,
  title = {{AIST Annotation for the RWC Music Database}},
  author = {M. Goto},
  booktitle = {Proc. of the 7th Intl. Conf. on Music Information Retrieval, ({ISMIR})},
  pages = {359--360},
  year = {2006}
}

% McKinney
@article{mckinney07jnmr,
  title = {Evaluation of audio beat tracking and music tempo extraction algorithms},
  author = {M. F. McKinney and D. Moelants and M. E. P. Davies and A. Klapuri},
  journal = {Journal of New Music Research},
  volume = {36},
  number = {1},
  pages = {1--16},
  year = {2007}
}
@inproceedings{moelants04icmpc,
  title={Tempo perception and musical content: What makes a piece fast, slow or temporally ambiguous},
  author={D. Moelants and M. McKinney},
  booktitle={Proc. of the 8th Intl. Conf. on Music Perception and Cognition},
  pages={558--562},
  year={2004}
}

% Mazurka
@inproceedings{sapp07ismir,
  title = {{Comparative Analysis of Multiple Musical Performances}},
  author = {C. Sapp},
  booktitle = {Proc. of the 8th Intl. Conf. on Music Information Retrieval, ({ISMIR})},
  pages = {497--500},
  year = {2007}
}

% beatles
@techreport{davies09techreport,
	Author = {M. E. P. Davies and N. Degara and M. D. Plumbley},
	Institution = {Centre for Digital Music, Queen Mary University of London},
	Number = {C4DM-TR-09-06},
	Title = {Evaluation Methods for Musical Audio Beat Tracking Algorithms},
	Year = {2009}
}

% temperley
@article{temperley11pm,
  title = {A Corpus Analysis of Rock Harmony},
  author = {T. De Clerq and D. Temperley},
  journal = {Popular Music},
  volume = {30},
  pages = {47--70},
  year = {2011}
}

%hjdb
@inproceedings{hockman12ismir,
  title = {One in the Jungle: Downbeat Detection in Hardcore, Jungle, and Drum and Bass.},
  author = {J. Hockman and M. E. P. Davies and I. Fujinaga},
  booktitle = {{Proc. of the 13th Intl. Society for Music Information Retrieval Conf. (ISMIR)}},
  pages = {169--174},
  year = {2012}
}

%smc
@article{holzapfel12taslp,
	Author = {A. Holzapfel and M. E. P. Davies and J. R. Zapata and J. L. Oliveira and F. Gouyon},
	Journal = {IEEE Transactions on Audio, Speech, and Language Processing},
	Number = {9},
	Title = {Selective Sampling for Beat Tracking Evaluation},
	Volume = {20},
	Year = {2012},
	Pages = {2539--2548}
}

% ballroom
@inproceedings{krebs13ismir,
  Author = {F. Krebs and S. B\"{o}ck and G. Widmer},
  Booktitle = {{Proc. of the 14th Intl. Society for Music Information Retrieval Conf. (ISMIR)}},
  Title = {Rhythmic Pattern Modeling for Beat and Downbeat Tracking in Musical Audio},
  Year = {2013},
  Pages = {227--232}
}

% Turkish
@article{srinivasamurthy14jnmr,
	Author = {A. Srinivasamurthy and A. Holzapfel and X. Serra},
	Journal = {Journal of New Music Research},
	Number = {1},
	Title = {In Search of Automatic Rhythm Analysis Methods for Turkish and Indian Art Music},
	Volume = {43},
	Year = {2014},
	Pages = {94--114}
}

% carnatic
@inproceedings{srinivasamurthy14icassp,
  Author = {A. Srinivasamurthy and X. Serra},
  Booktitle = {{Proc. of the 39th IEEE Intl. Conf. on Acoustics, Speech and Signal Processing (ICASSP)}},
  Title = {{A Supervised Approach to Hierarchical Metrical Cycle Tracking from Audio Music Recordings}},
  Year = {2014},
  Pages = {5237--5241}
}

% cretan
@inproceedings{holzapfel14ismir,
  title={{Tracking the ``odd'': Meter inference in a culturally diverse music corpus}},
  author={A. Holzapfel and F. Krebs and A. Srinivasamurthy},
  booktitle={{Proc. of the 15th Intl. Society for Music Information Retrieval Conf. (ISMIR)}},
  pages={425--430},
  year={2014}
}

% gtzan
@inproceedings{marchand15dafx,
	Author = {U. Marchand and G. Peeters},
	Booktitle = {{Proc. of the 18th Intl. Conf. on Digital Audio Effects (DAFx)}},
	Pages = {423--428},
	Title = {Swing Ratio Estimation},
	Year = {2015}
}

% candombe
@inproceedings{nunes15ismir,
  Author = {L. O. Nunes and M. Rocamora and L. Jure and L. W. Biscainho},
  Booktitle = {{Proc. of the 16th Intl. Society for Music Information Retrieval Conf. (ISMIR)}},
  Title = {{Beat and Downbeat Tracking Based on Rhythmic Patterns Applied to the Uruguayan Candombe Drumming}},
  Year = {2015},
  Pages = {264--270}
}



% robbie williams
@article{digiorgi2016jaes,
  title = {Multipath Beat Tracking},
  author = {B. Di Giorgi and M. Zanoni and S. B\"{o}ck and A. Sarti},
  journal = {Journal of the Audio Engineering Society},
  volume = {64},
  number = {7/8},
  pages = {493--502},
  year = {2016}
}

% JAAH
@inproceedings{eremenko18ismir,
  Author = {V. Eremenko and E. Demirel and B. Bozkurt and X. Serra},
  Booktitle = {{Proc. of the 16th Intl. Society for Music Information Retrieval Conf. (ISMIR)}},
  Title = {Audio-aligned jazz harmony dataset for automatic chord transcription and corpus-based research},
  Year = {2018},
  Pages = {483--490}
}


